@book{Devdatt,
  author    = {Devdatt P. Dubhashi and
               Alessandro Panconesi},
  title     = {Concentration of Measure for the Analysis of Randomized Algorithms},
  publisher = {Cambridge University Press},
  year      = {2009}
}


@inproceedings{ChuzhoyL12,
	author    = {Julia Chuzhoy and
	Shi Li},
	title     = {A Polylogarithmic Approximation Algorithm for Edge-Disjoint Paths
	with Congestion 2},
	booktitle = {53rd Annual {IEEE} Symposium on Foundations of Computer Science, {FOCS}
	2012, New Brunswick, NJ, USA, October 20-23, 2012},
	pages     = {233--242},
	year      = {2012}
}


@inproceedings{ChekuriE13,
	author    = {Chandra Chekuri and
	Alina Ene},
	title     = {Poly-logarithmic Approximation for Maximum Node Disjoint Paths with
	Constant Congestion},
	booktitle = {Proceedings of the Twenty-Fourth Annual {ACM-SIAM} Symposium on Discrete
	Algorithms, {SODA} 2013, New Orleans, Louisiana, USA, January 6-8,
	2013},
	pages     = {326--341},
	year      = {2013}
}


@inproceedings{Chuzhoy12a,
	author    = {Julia Chuzhoy},
	title     = {Routing in undirected graphs with constant congestion},
	booktitle = {Proceedings of the 44th Symposium on Theory of Computing Conference,
	{STOC} 2012, New York, NY, USA, May 19 - 22, 2012},
	pages     = {855--874},
	year      = {2012}
}


@article{ChekuriKRV15,
	author    = {Chandra Chekuri and
	Sreeram Kannan and
	Adnan Raja and
	Pramod Viswanath},
	title     = {Multicommodity Flows and Cuts in Polymatroidal Networks},
	journal   = {{SIAM} J. Comput.},
	volume    = {44},
	number    = {4},
	pages     = {912--943},
	year      = {2015}
}


@article{Christian15,
	author = {Christian Vad Karsten and
	David Pisinger and
	Stefan Ropkeand
	Berit Dangaard Brouer},
	  title = {The time constrained multi-commodity network flow problem and its application to liner shipping network design},
	  journal = {Transportation Research Part E},
	  volume = {76},
	  pages     = {122--138},
	  year      = {2015}
}


@inproceedings{Andrews10,
	author    = {Matthew Andrews},
	title     = {Approximation Algorithms for the Edge-Disjoint Paths Problem via Raecke
	Decompositions},
	booktitle = {51th Annual {IEEE} Symposium on Foundations of Computer Science, {FOCS}
	2010, October 23-26, 2010, Las Vegas, Nevada, {USA}},
	pages     = {277--286},
	year      = {2010}
}


@inproceedings{KawarabayashiK11,
	author    = {Ken{-}ichi Kawarabayashi and
	Yusuke Kobayashi},
	title     = {Breaking o(n\({}^{\mbox{1/2}}\))-approximation algorithms for the
	edge-disjoint paths problem with congestion two},
	booktitle = {Proceedings of the 43rd {ACM} Symposium on Theory of Computing, {STOC}
	2011, San Jose, CA, USA, 6-8 June 2011},
	pages     = {81--88},
	year      = {2011}
}


@article{RaoZ10,
	author    = {Satish Rao and
	Shuheng Zhou},
	title     = {Edge Disjoint Paths in Moderately Connected Graphs},
	journal   = {{SIAM} J. Comput.},
	volume    = {39},
	number    = {5},
	pages     = {1856--1887},
	year      = {2010}
}


@inproceedings{ChekuriC13,
	author    = {Chandra Chekuri and
	Julia Chuzhoy},
	title     = {Large-treewidth graph decompositions and applications},
	booktitle = {Symposium on Theory of Computing Conference, STOC'13, Palo Alto, CA,
	USA, June 1-4, 2013},
	pages     = {291--300},
	year      = {2013}
}

@inproceedings{BurgessGJL06,
	author    = {John Burgess and
	Brian Gallagher and
	David D. Jensen and
	Brian Neil Levine},
	title     = {MaxProp: Routing for Vehicle-Based Disruption-Tolerant Networks},
	booktitle = {{INFOCOM} 2006. 25th {IEEE} International Conference on Computer Communications,
	Joint Conference of the {IEEE} Computer and Communications Societies,
	23-29 April 2006, Barcelona, Catalunya, Spain},
	year      = {2006}
}


@article{AcerGHNT12,
	author    = {Utku G{\"{u}}nay Acer and
	Paolo Giaccone and
	David Hay and
	Giovanni Neglia and
	Saed Tarapiah},
	title     = {Timely Data Delivery in a Realistic Bus Network},
	journal   = {{IEEE} Trans. Vehicular Technology},
	volume    = {61},
	number    = {3},
	pages     = {1251--1265},
	year      = {2012}
}


@inproceedings{LiuJAERC15,
	author    = {Mengxue Liu and
	Thienne Johnson and
	Rachit Agarwal and
	Alon Efrat and
	Andrea Richa and
	Mauro Margalho Coutinho},
	title     = {Robust data mule networks with remote healthcare applications in the
	Amazon region: {A} fountain code approach},
	booktitle = {17th International Conference on E-health Networking, Application
	{\&} Services, HealthCom 2015, Boston, MA, USA, October 14-17,
	2015},
	pages     = {546--551},
	year      = {2015}
}